@article{holbl2018systematic,
  title={A systematic review of the use of blockchain in healthcare},
  author={H{\"o}lbl, Marko and Kompara, Marko and Kami{\v{s}}ali{\'c}, Aida and Nemec Zlatolas, Lili},
  journal={Symmetry},
  volume={10},
  number={10},
  pages={470},
  year={2018},
  publisher={Multidisciplinary Digital Publishing Institute}
}
@article{wang2019blockchain,
  title={A blockchain-based eHealthcare system interoperating with WBANs},
  author={Wang, Junchao and Han, Kaining and Alexandridis, Anastasios and Chen, Zhiyu and Zilic, Zeljko and Pang, Yu and Jeon, Gwanggil and Piccialli, Francesco},
  journal={Future Generation Computer Systems},
  year={2019},
  publisher={Elsevier}
}
@article{pilkington2017can,
  title={Can blockchain improve healthcare management? Consumer medical electronics and the IoMT},
  author={Pilkington, Marc},
  journal={Consumer Medical Electronics and the IoMT (August 24, 2017)},
  year={2017}
}
@article{borovska2018big,
  title={Big Data Analytics and Internet of medical Things Make Precision Medicine a Reality},
  author={Borovska, Plamenka},
  journal={International Journal of Internet of Things and Web Services},
  volume={3},
  year={2018},
  publisher={International Association of Research and Science}
}
@article{fernandez2018review,
  title={A Review on the Use of Blockchain for the Internet of Things},
  author={Fern{\'a}ndez-Caram{\'e}s, Tiago M and Fraga-Lamas, Paula},
  journal={Ieee Access},
  volume={6},
  pages={32979--33001},
  year={2018},
  publisher={IEEE}
}
@article{al2020intelligence,
  title={Intelligence in the Internet of medical things era: a systematic review of current and future trends},
  author={Al-Turjman, Fadi and Nawaz, Muhammad Hassan and Ulusar, Umit Deniz},
  journal={Computer Communications},
  volume={150},
  pages={644--660},
  year={2020},
  publisher={Elsevier}
}
@article{nanayakkara2019security,
  title={Security and Privacy of Internet of Medical Things (IoMT) Based Healthcare Applications: A Review},
  author={Nanayakkara, N and Halgamuge, Malka and Syed, Ali},
  year={2019},
  publisher={THE IIER}
}
@inproceedings{agbo2019blockchain,
  title={Blockchain technology in healthcare: a systematic review},
  author={Agbo, Cornelius C and Mahmoud, Qusay H and Eklund, J Mikael},
  booktitle={Healthcare},
  volume={7},
  number={2},
  pages={56},
  year={2019},
  organization={Multidisciplinary Digital Publishing Institute}
}
@article{zubaydi2019review,
  title={A review on the role of blockchain technology in the healthcare domain},
  author={Zubaydi, Haider Dhia and Chong, Yung-Wey and Ko, Kwangman and Hanshi, Sabri M and Karuppayah, Shankar},
  journal={Electronics},
  volume={8},
  number={6},
  pages={679},
  year={2019},
  publisher={Multidisciplinary Digital Publishing Institute}
}
@article{xu2019healthchain,
  title={Healthchain: A blockchain-based privacy preserving scheme for large-scale health data},
  author={Xu, Jie and Xue, Kaiping and Li, Shaohua and Tian, Hangyu and Hong, Jianan and Hong, Peilin and Yu, Nenghai},
  journal={IEEE Internet of Things Journal},
  volume={6},
  number={5},
  pages={8770--8781},
  year={2019},
  publisher={IEEE}
}
@article{abdellatif2020sshealth,
  title={ssHealth: Toward Secure, Blockchain-Enabled Healthcare Systems},
  author={Abdellatif, Alaa Awad and Al-Marridi, Abeer Z and Mohamed, Amr and Erbad, Aiman and Chiasserini, Carla Fabiana and Refaey, Ahmed},
  journal={IEEE Network},
  year={2020},
  publisher={IEEE}
}
@article{jo2018hybrid,
  title={Hybrid blockchain and internet-of-things network for underground structure health monitoring},
  author={Jo, Byung Wan and Khan, Rana Muhammad Asad and Lee, Yun-Sung},
  journal={Sensors},
  volume={18},
  number={12},
  pages={4268},
  year={2018},
  publisher={Multidisciplinary Digital Publishing Institute}
}
@article{fernandez2019enabling,
  title={Enabling the internet of mobile crowdsourcing health things: A mobile fog computing, blockchain and IoT based continuous glucose monitoring system for diabetes mellitus research and care},
  author={Fern{\'a}ndez-Caram{\'e}s, Tiago M and Froiz-M{\'\i}guez, Iv{\'a}n and Blanco-Novoa, Oscar and Fraga-Lamas, Paula},
  journal={Sensors},
  volume={19},
  number={15},
  pages={3319},
  year={2019},
  publisher={Multidisciplinary Digital Publishing Institute}
}
@article{dwivedi2019decentralized,
  title={A decentralized privacy-preserving healthcare blockchain for IoT},
  author={Dwivedi, Ashutosh Dhar and Srivastava, Gautam and Dhar, Shalini and Singh, Rajani},
  journal={Sensors},
  volume={19},
  number={2},
  pages={326},
  year={2019},
  publisher={Multidisciplinary Digital Publishing Institute}
}
@inproceedings{seliem2019biomt,
  title={BIoMT: Blockchain for the internet of medical things},
  author={Seliem, Mohamed and Elgazzar, Khalid},
  booktitle={2019 IEEE International Black Sea Conference on Communications and Networking (BlackSeaCom)},
  pages={1--4},
  year={2019},
  organization={IEEE}
}
@inproceedings{srivastava2019data,
  title={Data sharing and privacy for patient iot devices using blockchain},
  author={Srivastava, Gautam and Parizi, Reza M and Dehghantanha, Ali and Choo, Kim-Kwang Raymond},
  booktitle={International Conference on Smart City and Informatization},
  pages={334--348},
  year={2019},
  organization={Springer}
}
@inproceedings{chakraborty2019secure,
  title={A secure healthcare system design framework using blockchain technology},
  author={Chakraborty, Sabyasachi and Aich, Satyabrata and Kim, Hee-Cheol},
  booktitle={2019 21st International Conference on Advanced Communication Technology (ICACT)},
  pages={260--264},
  year={2019},
  organization={IEEE}
}
@inproceedings{bhawiyuga2019platform,
  title={Platform for Integrating Internet of Things Based Smart Healthcare System and Blockchain Network},
  author={Bhawiyuga, Adhitya and Wardhana, Arya and Amron, Kasyful and Kirana, Annisa Puspa},
  booktitle={2019 6th NAFOSTED Conference on Information and Computer Science (NICS)},
  pages={55--60},
  year={2019},
  organization={IEEE}
}
@inproceedings{srivastava2019light,
  title={A light and secure healthcare blockchain for iot medical devices},
  author={Srivastava, Gautam and Crichigno, Jorge and Dhar, Shalini},
  booktitle={2019 IEEE Canadian conference of electrical and computer engineering (CCECE)},
  pages={1--5},
  year={2019},
  organization={IEEE}
}
@inproceedings{azbeg2018blockchain,
  title={Blockchain and IoT for security and privacy: A platform for diabetes self-management},
  author={Azbeg, Kebira and Ouchetto, Ouail and Andaloussi, Said Jai and Fetjah, Leila and Sekkaki, Abderrahim},
  booktitle={2018 4th International Conference on Cloud Computing Technologies and Applications (Cloudtech)},
  pages={1--5},
  year={2018},
  organization={IEEE}
}
@inproceedings{alblooshi2018blockchain,
  title={Blockchain-based ownership management for medical IoT (MIoT) devices},
  author={Alblooshi, Mansoor and Salah, Khaled and Alhammadi, Yousof},
  booktitle={2018 International Conference on Innovations in Information Technology (IIT)},
  pages={151--156},
  year={2018},
  organization={IEEE}
}
@inproceedings{jiang2018blochie,
  title={Blochie: a blockchain-based platform for healthcare information exchange},
  author={Jiang, Shan and Cao, Jiannong and Wu, Hanqing and Yang, Yanni and Ma, Mingyu and He, Jianfei},
  booktitle={2018 ieee international conference on smart computing (smartcomp)},
  pages={49--56},
  year={2018},
  organization={IEEE}
}
@inproceedings{dey2017healthsense,
  title={HealthSense: A medical use case of Internet of Things and blockchain},
  author={Dey, Tushar and Jaiswal, Shaurya and Sunderkrishnan, Shweta and Katre, Neha},
  booktitle={2017 International conference on intelligent sustainable systems (ICISS)},
  pages={486--491},
  year={2017},
  organization={IEEE}
}
@inproceedings{angeletti2017role,
  title={The role of blockchain and IoT in recruiting participants for digital clinical trials},
  author={Angeletti, Fabio and Chatzigiannakis, Ioannis and Vitaletti, Andrea},
  booktitle={2017 25th International Conference on Software, Telecommunications and Computer Networks (SoftCOM)},
  pages={1--5},
  year={2017},
  organization={IEEE}
}
@inproceedings{shae2017design,
  title={On the design of a blockchain platform for clinical trial and precision medicine},
  author={Shae, Zonyin and Tsai, Jeffrey JP},
  booktitle={2017 IEEE 37th international conference on distributed computing systems (ICDCS)},
  pages={1972--1980},
  year={2017},
  organization={IEEE}
}
@inproceedings{al2018blockchain,
  title={Blockchain use cases in digital sectors: A review of the literature},
  author={Al-Megren, Shiroq and Alsalamah, Shada and Altoaimy, Lina and Alsalamah, Hessah and Soltanisehat, Leili and Almutairi, Emad and others},
  booktitle={2018 IEEE International Conference on Internet of Things (iThings) and IEEE Green Computing and Communications (GreenCom) and IEEE Cyber, Physical and Social Computing (CPSCom) and IEEE Smart Data (SmartData)},
  pages={1417--1424},
  year={2018},
  organization={IEEE}
}
@article{chukwu2020systematic,
  title={A Systematic Review of Blockchain in Healthcare: Frameworks, Prototypes, and Implementations},
  author={Chukwu, Emeka and Garg, Lalit},
  journal={IEEE Access},
  volume={8},
  pages={21196--21214},
  year={2020},
  publisher={IEEE}
}
@article{mazlan2020scalability,
  title={Scalability Challenges in Healthcare Blockchain System—A Systematic Review},
  author={Mazlan, Ahmad Akmaluddin and Daud, Salwani Mohd and Sam, Suriani Mohd and Abas, Hafiza and Rasid, Siti Zaleha Abdul and Yusof, Muhammad Fathi},
  journal={IEEE Access},
  volume={8},
  pages={23663--23673},
  year={2020},
  publisher={IEEE}
}
@inproceedings{zhang2019review,
  title={A Review on Blockchain-Based Systems and Applications},
  author={Zhang, Jingyu and Zhong, Siqi and Wang, Jin and Wang, Lei and Yang, Yaqiong and Wei, Boyang and Zhou, Guoyao},
  booktitle={International Conference on Internet of Vehicles},
  pages={237--249},
  year={2019},
  organization={Springer}
}
@article{saha2019review,
  title={Review on “Blockchain technology based medical healthcare system with privacy issues”},
  author={Saha, Arijit and Amin, Ruhul and Kunal, Sourav and Vollala, Satyanarayana and Dwivedi, Sanjeev K},
  journal={Security and Privacy},
  volume={2},
  number={5},
  pages={e83},
  year={2019},
  publisher={Wiley Online Library}
}
@article{khezr2019blockchain,
  title={Blockchain technology in healthcare: A comprehensive review and directions for future research},
  author={Khezr, Seyednima and Moniruzzaman, Md and Yassine, Abdulsalam and Benlamri, Rachid},
  journal={Applied Sciences},
  volume={9},
  number={9},
  pages={1736},
  year={2019},
  publisher={Multidisciplinary Digital Publishing Institute}
}
@article{dilawar2019blockchain,
  title={Blockchain: Securing Internet of Medical Things (IoMT)},
  author={Dilawar, Nimra and Rizwan, Muhammad and Ahmad, Fahad and Akram, Saima},
  journal={Int J Adv Comput Sci Appl},
  volume={10},
  number={1},
  year={2019}
}
@article{mackey2019fit,
  title={‘Fit-for-purpose?’--challenges and opportunities for applications of blockchain technology in the future of healthcare},
  author={Mackey, Tim K and Kuo, Tsung-Ting and Gummadi, Basker and Clauson, Kevin A and Church, George and Grishin, Dennis and Obbad, Kamal and Barkovich, Robert and Palombini, Maria},
  journal={BMC medicine},
  volume={17},
  number={1},
  pages={68},
  year={2019},
  publisher={BioMed Central}
}
@inproceedings{nguyen2019mobile,
  title={A mobile cloud based iomt framework for automated health assessment and management},
  author={Nguyen, Dinh C and Nguyen, Khoa D and Pathirana, Pubudu N},
  booktitle={2019 41st Annual International Conference of the IEEE Engineering in Medicine and Biology Society (EMBC)},
  pages={6517--6520},
  year={2019},
  organization={IEEE}
}
@article{nguyen2019blockchain,
  title={Blockchain for secure EHRs sharing of mobile cloud based e-Health systems},
  author={Nguyen, Dinh C and Pathirana, Pubudu N and Ding, Ming and Seneviratne, Aruna},
  journal={IEEE access},
  volume={7},
  pages={66792--66806},
  year={2019},
  publisher={IEEE}
}
@article{meng2019enhancing,
  title={Enhancing Medical Smartphone Networks via Blockchain-Based Trust Management Against Insider Attacks},
  author={Meng, Weizhi and Li, Wenjuan and Zhu, Liqiu},
  journal={IEEE Transactions on Engineering Management},
  year={2019},
  publisher={IEEE}
}
@incollection{kumari2020securing,
  title={Securing Internet of Medical Things (IoMT) Using Private Blockchain Network},
  author={Kumari, K Anitha and Padmashani, R and Varsha, R and Upadhayay, Vasu},
  booktitle={Principles of Internet of Things (IoT) Ecosystem: Insight Paradigm},
  pages={305--326},
  year={2020},
  publisher={Springer}
}
@article{pavithran2020towards,
  title={Towards building a blockchain framework for IoT},
  author={Pavithran, Deepa and Shaalan, Khaled and Al-Karaki, Jamal N and Gawanmeh, Amjad},
  journal={Cluster Computing},
  pages={1--15},
  year={2020},
  publisher={Springer}
}
@article{firdaus2018root,
  title={Root exploit detection and features optimization: mobile device and blockchain based medical data management},
  author={Firdaus, Ahmad and Anuar, Nor Badrul and Ab Razak, Mohd Faizal and Hashem, Ibrahim Abaker Targio and Bachok, Syafiq and Sangaiah, Arun Kumar},
  journal={Journal of medical systems},
  volume={42},
  number={6},
  pages={112},
  year={2018},
  publisher={Springer}
}
@article{banerjee2018blockchain,
  title={A blockchain future for internet of things security: a position paper},
  author={Banerjee, Mandrita and Lee, Junghee and Choo, Kim-Kwang Raymond},
  journal={Digital Communications and Networks},
  volume={4},
  number={3},
  pages={149--160},
  year={2018},
  publisher={Elsevier}
}
@inproceedings{rupasinghe2019towards,
  title={Towards a blockchain based fall prediction model for aged care},
  author={Rupasinghe, Tharuka and Burstein, Frada and Rudolph, Carsten and Strange, Steven},
  booktitle={Proceedings of the Australasian Computer Science Week Multiconference},
  pages={1--10},
  year={2019}
}
@inproceedings{mackenzie2018assessment,
  title={An assessment of blockchain consensus protocols for the Internet of Things},
  author={Mackenzie, Beverley and Ferguson, Robert Ian and Bellekens, Xavier},
  booktitle={2018 International Conference on Internet of Things, Embedded Systems and Communications (IINTEC)},
  pages={183--190},
  year={2018},
  organization={IEEE}
}
@inproceedings{ahram2017blockchain,
  title={Blockchain technology innovations},
  author={Ahram, Tareq and Sargolzaei, Arman and Sargolzaei, Saman and Daniels, Jeff and Amaba, Ben},
  booktitle={2017 IEEE Technology \& Engineering Management Conference (TEMSCON)},
  pages={137--141},
  year={2017},
  organization={IEEE}
}
@incollection{ilinca2020applying,
  title={Applying Blockchain and Artificial Intelligence to Digital Health},
  author={Ilinca, Dragos},
  booktitle={Digital Health Entrepreneurship},
  pages={83--101},
  year={2020},
  publisher={Springer}
}
@article{hussien2019systematic,
  title={A Systematic Review for Enabling of Develop a Blockchain Technology in Healthcare Application: Taxonomy, Substantially Analysis, Motivations, Challenges, Recommendations and Future Direction},
  author={Hussien, HM and Yasin, SM and Udzir, SNI and Zaidan, AA and Zaidan, BB},
  journal={Journal of medical systems},
  volume={43},
  number={10},
  pages={320},
  year={2019},
  publisher={Springer}
}
@inproceedings{haber1990time,
  title={How to time-stamp a digital document},
  author={Haber, Stuart and Stornetta, W Scott},
  booktitle={Conference on the Theory and Application of Cryptography},
  pages={437--455},
  year={1990},
  organization={Springer}
}
@article{nakamoto2008bitcoin,
  title={Bitcoin P2P e-cash paper},
  author={Nakamoto, Satoshi},
  journal={The Cryptography Mailing list at metzdowd.com},
  volume={31},
  pages={2008},
  year={2008}
}
@article{back2002hashcash,
  title={Hashcash-a denial of service counter-measure},
  author={Back, Adam and others},
  year={2002}
}
@inproceedings{androulaki2018hyperledger,
  title={Hyperledger fabric: a distributed operating system for permissioned blockchains},
  author={Androulaki, Elli and Barger, Artem and Bortnikov, Vita and Cachin, Christian and Christidis, Konstantinos and De Caro, Angelo and Enyeart, David and Ferris, Christopher and Laventman, Gennady and Manevich, Yacov and others},
  booktitle={Proceedings of the Thirteenth EuroSys Conference},
  pages={1--15},
  year={2018}
}
@online{gdpr2016eu,
  author = {European Parliament},
  title = {Complete guide to GDPR compliance},
  year = 2016,
  url = {https://gdpr.eu},
  urldate = {2020-4-30}
}
@online{fortune2020iomt,
  author = {Fortune Business Rights},
  title = {Internet of Medical Things (IoMT) Market Size, Share \& Industry Analysis, By Product Type (Stationary Medical Devices, Implanted Medical Devices, Wearable External Medical Devices), By Application (Telemedicine, Medication Management, Patient Monitoring, Others), By End User (Healthcare Providers, Patients, Government Authorities, Others) and Regional Forecast, 2019-2026},
  year = 2020,
  url = {https://www.fortunebusinessinsights.com/industry-reports/internet-of-medical-things-iomt-market-101844},
  urldate = {2020-2-1}
}
@online{cointelegraph2019ibm,
  author = {Cointelegraph},
  title = {Why IBM’s Blockchain Isn’t a Real Blockchain},
  year = 2019,
  url = {https://cointelegraph.com/news/why-ibms-blockchain-isnt-a-real-blockchain},
  urldate = {2019-2-1}
}
@article{benet2014ipfs,
  title={Ipfs-content addressed, versioned, p2p file system},
  author={Benet, Juan},
  journal={arXiv preprint arXiv:1407.3561},
  year={2014}
}
@article{mostert2016big,
  title={Big Data in medical research and EU data protection law: challenges to the consent or anonymise approach},
  author={Mostert, Menno and Bredenoord, Annelien L and Biesaart, Monique CIH and Van Delden, Johannes JM},
  journal={European Journal of Human Genetics},
  volume={24},
  number={7},
  pages={956--960},
  year={2016},
  publisher={Nature Publishing Group}
}
