@INPROCEEDINGS{9027313, 
author={R. {Kumar} and N. {Marchang} and R. {Tripathi}}, 
booktitle={2020 International Conference on COMmunication Systems NETworkS (COMSNETS)}, title={Distributed Off-Chain Storage of Patient Diagnostic Reports in Healthcare System Using IPFS and Blockchain}, 
year={2020}, 
volume={}, 
number={}, 
pages={1-5}, 
doi={10.1109/COMSNETS48256.2020.9027313}}
@INPROCEEDINGS{8969718, 
author={A. {Buzachis} and A. {Celesti} and M. {Fazio} and M. {Villari}}, 
booktitle={2019 IEEE Symposium on Computers and Communications (ISCC)}, title={On the Design of a Blockchain-as-a-Service-Based Health Information Exchange (BaaS-HIE) System for Patient Monitoring}, 
year={2019}, 
volume={}, 
number={}, 
pages={1-6}, 
doi={10.1109/ISCC47284.2019.8969718}}
@INPROCEEDINGS{9016456, 
author={A. {ul Haque} and M. S. {Ghani} and T. {Mahmood}}, 
booktitle={2020 International Conference on Information Networking (ICOIN)}, title={Decentralized Transfer Learning using Blockchain IPFS for Deep Learning}, 
year={2020}, 
volume={}, 
number={}, 
pages={170-177}, 
doi={10.1109/ICOIN48656.2020.9016456}}
@INPROCEEDINGS{9162738, 
author={R. {Gupta} and A. {Shukla} and P. {Mehta} and P. {Bhattacharya} and S. {Tanwar} and S. {Tyagi} and N. {Kumar}}, 
booktitle={IEEE INFOCOM 2020 - IEEE Conference on Computer Communications Workshops (INFOCOM WKSHPS)}, title={VAHAK: A Blockchain-based Outdoor Delivery Scheme using UAV for Healthcare 4.0 Services}, 
year={2020}, 
volume={}, 
number={}, 
pages={255-260}, 
doi={10.1109/INFOCOMWKSHPS50562.2020.9162738}}
@INPROCEEDINGS{9079296, 
author={R. K. {Marangappanavar} and M. {Kiran}}, 
booktitle={2020 Third ISEA Conference on Security and Privacy (ISEA-ISAP)}, title={Inter-Planetary File System Enabled Blockchain Solution For Securing Healthcare Records}, 
year={2020}, 
volume={}, 
number={}, 
pages={171-178}, 
doi={10.1109/ISEA-ISAP49340.2020.235016}}
@ARTICLE{9233462, 
author={M. {Madine} and A. {Battah} and I. {Yaqoob} and K. {Salah} and R. {Jayaraman} and Y. {Al-Hammadi} and S. {Pesic} and S. {Ellahham}}, 
journal={IEEE Access}, title={Blockchain for Giving Patients Control over their Medical Records}, 
year={2020}, 
volume={}, 
number={}, 
pages={1-1}, 
doi={10.1109/ACCESS.2020.3032553}}
@INPROCEEDINGS{9145044, 
author={R. {Gupta} and A. {Shukla} and S. {Tanwar}}, 
booktitle={2020 IEEE International Conference on Communications Workshops (ICC Workshops)}, title={AaYusH: A Smart Contract-Based Telesurgery System for Healthcare 4.0}, 
year={2020}, 
volume={}, 
number={}, 
pages={1-6}, 
doi={10.1109/ICCWorkshops49005.2020.9145044}}
@INPROCEEDINGS{8730816, 
author={T. {Tantidham} and Y. N. {Aung}}, 
booktitle={2019 IEEE International Conference on Pervasive Computing and Communications Workshops (PerCom Workshops)}, title={Emergency Service for Smart Home System Using Ethereum Blockchain: System and Architecture}, 
year={2019}, 
volume={}, 
number={}, 
pages={888-893}, 
doi={10.1109/PERCOMW.2019.8730816}}
@ARTICLE{8717579, 
author={D. C. {Nguyen} and P. N. {Pathirana} and M. {Ding} and A. {Seneviratne}}, 
journal={IEEE Access}, title={Blockchain for Secure EHRs Sharing of Mobile Cloud Based E-Health Systems}, 
year={2019}, 
volume={7}, 
number={}, 
pages={66792-66806}, 
doi={10.1109/ACCESS.2019.2917555}}
@INPROCEEDINGS{9201726, 
author={H. {Kordestani} and K. {Barkaoui} and W. {Zahran}}, 
booktitle={2020 IEEE 8th International Conference on Serious Games and Applications for Health (SeGAH)}, title={HapiChain: A Blockchain-based Framework for Patient-Centric Telemedicine}, 
year={2020}, 
volume={}, 
number={}, 
pages={1-6}, 
doi={10.1109/SeGAH49190.2020.9201726}}
@INPROCEEDINGS{9066225, 
author={P. {Ranjan} and S. {Srivastava} and V. {Gupta} and S. {Tapaswi} and N. {Kumar}}, 
booktitle={2019 IEEE Conference on Information and Communication Technology}, title={Decentralised and Distributed System for Organ/Tissue Donation and Transplantation}, 
year={2019}, 
volume={}, 
number={}, 
pages={1-6}, 
doi={10.1109/CICT48419.2019.9066225}}
@INPROCEEDINGS{9143876, 
author={J. {Rathod} and A. {Gupta} and D. {Patel}}, 
booktitle={2020 Seventh International Conference on Software Defined Systems (SDS)}, title={Using Blockchain Technology for Continuing Medical Education Credits System}, 
year={2020}, 
volume={}, 
number={}, 
pages={214-219}, 
doi={10.1109/SDS49854.2020.9143876}}
@INPROCEEDINGS{9232662, 
author={R. {Gupta} and U. {Thakker} and S. {Tanwar} and M. S. {Obaidat} and K. -F. {Hsiao}}, 
booktitle={2020 International Conference on Computer, Information and Telecommunication Systems (CITS)}, title={BITS: A Blockchain-driven Intelligent Scheme for Telesurgery System}, 
year={2020}, 
volume={}, 
number={}, 
pages={1-5}, 
doi={10.1109/CITS49457.2020.9232662}}
@ARTICLE{9000905, 
author={P. C. M. {Arachchige} and P. {Bertok} and I. {Khalil} and D. {Liu} and S. {Camtepe} and M. {Atiquzzaman}}, 
journal={IEEE Transactions on Industrial Informatics}, title={A Trustworthy Privacy Preserving Framework for Machine Learning in Industrial IoT Systems}, 
year={2020}, 
volume={16}, 
number={9}, 
pages={6092-6102}, 
doi={10.1109/TII.2020.2974555}}