Scopus
EXPORT DATE: 26 October 2020

@ARTICLE{Saharan2021671,
author={Saharan, R. and Prasad, R.},
title={Blockchain Technology for Healthcare Data},
journal={Advances in Intelligent Systems and Computing},
year={2021},
volume={1187},
pages={671-677},
doi={10.1007/978-981-15-6014-9_81},
note={cited By 0},
url={https://www.scopus.com/inward/record.uri?eid=2-s2.0-85092675781&doi=10.1007%2f978-981-15-6014-9_81&partnerID=40&md5=c5e3db809331bf14bc7c157f793b1692},
document_type={Conference Paper},
source={Scopus},
}

@ARTICLE{Kadam2021366,
author={Kadam, S. and Motwani, D.},
title={Blockchain based e-healthcare record system},
journal={Advances in Intelligent Systems and Computing},
year={2021},
volume={1200 AISC},
pages={366-380},
doi={10.1007/978-3-030-51859-2_34},
note={cited By 1},
url={https://www.scopus.com/inward/record.uri?eid=2-s2.0-85089210435&doi=10.1007%2f978-3-030-51859-2_34&partnerID=40&md5=35f888dde0470c19b5c9b40abf0058bb},
document_type={Conference Paper},
source={Scopus},
}

@ARTICLE{Omar2020,
author={Omar, I.A. and Jayaraman, R. and Salah, K. and Simsekler, M.C.E. and Yaqoob, I. and Ellahham, S.},
title={Ensuring protocol compliance and data transparency in clinical trials using Blockchain smart contracts},
journal={BMC Medical Research Methodology},
year={2020},
volume={20},
number={1},
doi={10.1186/s12874-020-01109-5},
art_number={224},
note={cited By 1},
url={https://www.scopus.com/inward/record.uri?eid=2-s2.0-85090509902&doi=10.1186%2fs12874-020-01109-5&partnerID=40&md5=7bacaf204b9d3ba1d6eb06f9bf9c5495},
document_type={Article},
source={Scopus},
}

@ARTICLE{Arachchige20206092,
author={Arachchige, P.C.M. and Bertok, P. and Khalil, I. and Liu, D. and Camtepe, S. and Atiquzzaman, M.},
title={A Trustworthy Privacy Preserving Framework for Machine Learning in Industrial IoT Systems},
journal={IEEE Transactions on Industrial Informatics},
year={2020},
volume={16},
number={9},
pages={6092-6102},
doi={10.1109/TII.2020.2974555},
art_number={9000905},
note={cited By 3},
url={https://www.scopus.com/inward/record.uri?eid=2-s2.0-85086069973&doi=10.1109%2fTII.2020.2974555&partnerID=40&md5=1452d23341c2d9b4faffe78347dc2f0d},
document_type={Article},
source={Scopus},
}

@CONFERENCE{Kordestani2020,
author={Kordestani, H. and Barkaoui, K. and Zahran, W.},
title={HapiChain: A Blockchain-based Framework for Patient-Centric Telemedicine},
journal={2020 IEEE 8th International Conference on Serious Games and Applications for Health, SeGAH 2020},
year={2020},
doi={10.1109/SeGAH49190.2020.9201726},
art_number={9201726},
note={cited By 0},
url={https://www.scopus.com/inward/record.uri?eid=2-s2.0-85092717235&doi=10.1109%2fSeGAH49190.2020.9201726&partnerID=40&md5=a1407015bd99037989067912f9fdb8e5},
document_type={Conference Paper},
source={Scopus},
}

@CONFERENCE{Gupta2020255,
author={Gupta, R. and Shukla, A. and Mehta, P. and Bhattacharya, P. and Tanwar, S. and Tyagi, S. and Kumar, N.},
title={VAHAK: A blockchain-based outdoor delivery scheme using UAV for healthcare 4.0 services},
journal={IEEE INFOCOM 2020 - IEEE Conference on Computer Communications Workshops, INFOCOM WKSHPS 2020},
year={2020},
pages={255-260},
doi={10.1109/INFOCOMWKSHPS50562.2020.9162738},
art_number={9162738},
note={cited By 0},
url={https://www.scopus.com/inward/record.uri?eid=2-s2.0-85091514555&doi=10.1109%2fINFOCOMWKSHPS50562.2020.9162738&partnerID=40&md5=df2d9a6b72dc82bd689c09cc53dabe7d},
document_type={Conference Paper},
source={Scopus},
}

@CONFERENCE{Gupta2020,
author={Gupta, R. and Shukla, A. and Tanwar, S.},
title={AaYusH: A smart contract-based telesurgery system for healthcare 4.0},
journal={2020 IEEE International Conference on Communications Workshops, ICC Workshops 2020 - Proceedings},
year={2020},
doi={10.1109/ICCWorkshops49005.2020.9145044},
art_number={9145044},
note={cited By 0},
url={https://www.scopus.com/inward/record.uri?eid=2-s2.0-85090282846&doi=10.1109%2fICCWorkshops49005.2020.9145044&partnerID=40&md5=a96089e6367e40bb7a426e73052509d4},
document_type={Conference Paper},
source={Scopus},
}

@CONFERENCE{Marangappanavar2020171,
author={Marangappanavar, R.K. and Kiran, K.},
title={Inter-Planetary File System Enabled Blockchain Solution for Securing Healthcare Records},
journal={ISEA-ISAP 2020 - Proceedings of the 3rd ISEA International Conference on Security and Privacy 2020},
year={2020},
pages={171-178},
doi={10.1109/ISEA-ISAP49340.2020.235016},
art_number={9079296},
note={cited By 0},
url={https://www.scopus.com/inward/record.uri?eid=2-s2.0-85084954475&doi=10.1109%2fISEA-ISAP49340.2020.235016&partnerID=40&md5=8d359f0e4c14f60d30746709244dfd96},
document_type={Conference Paper},
source={Scopus},
}

@CONFERENCE{Kumar20201,
author={Kumar, R. and Marchang, N. and Tripathi, R.},
title={Distributed Off-Chain Storage of Patient Diagnostic Reports in Healthcare System Using IPFS and Blockchain},
journal={2020 International Conference on COMmunication Systems and NETworkS, COMSNETS 2020},
year={2020},
pages={1-5},
doi={10.1109/COMSNETS48256.2020.9027313},
art_number={9027313},
note={cited By 2},
url={https://www.scopus.com/inward/record.uri?eid=2-s2.0-85082169932&doi=10.1109%2fCOMSNETS48256.2020.9027313&partnerID=40&md5=b1f7cb3a3b1120537480a92b8cb598b6},
document_type={Conference Paper},
source={Scopus},
}

@ARTICLE{Gupta202047,
author={Gupta, S. and Malhotra, V. and Singh, S.N.},
title={Securing IoT-driven remote healthcare data through blockchain},
journal={Lecture Notes in Networks and Systems},
year={2020},
volume={94},
pages={47-56},
doi={10.1007/978-981-15-0694-9_6},
note={cited By 1},
url={https://www.scopus.com/inward/record.uri?eid=2-s2.0-85078292819&doi=10.1007%2f978-981-15-0694-9_6&partnerID=40&md5=35d03498e93cfaeec71608fae15c28d0},
document_type={Book Chapter},
source={Scopus},
}

@CONFERENCE{UlHaque2020170,
author={Ul Haque, A. and Ghani, M.S. and Mahmood, T.},
title={Decentralized Transfer Learning using Blockchain IPFS for Deep Learning},
journal={International Conference on Information Networking},
year={2020},
volume={2020-January},
pages={170-177},
doi={10.1109/ICOIN48656.2020.9016456},
art_number={9016456},
note={cited By 0},
url={https://www.scopus.com/inward/record.uri?eid=2-s2.0-85082114553&doi=10.1109%2fICOIN48656.2020.9016456&partnerID=40&md5=3de53846d362ad780b715f2f2a406d90},
document_type={Conference Paper},
source={Scopus},
}

@ARTICLE{NoAuthor2020,
title={8th IFIP WG 2.14 European Conference on Service-Oriented and Cloud Computing, ESOCC 2020},
journal={Lecture Notes in Computer Science (including subseries Lecture Notes in Artificial Intelligence and Lecture Notes in Bioinformatics)},
year={2020},
volume={12054 LNCS},
page_count={191},
note={cited By 0},
url={https://www.scopus.com/inward/record.uri?eid=2-s2.0-85085763567&partnerID=40&md5=d0e2780b6dada32a897bb778ac64d526},
document_type={Conference Review},
source={Scopus},
}

@CONFERENCE{Ranjan2019,
author={Ranjan, P. and Srivastava, S. and Gupta, V. and Tapaswi, S. and Kumar, N.},
title={Decentralised and distributed system for organ/tissue donation and transplantation},
journal={2019 IEEE Conference on Information and Communication Technology, CICT 2019},
year={2019},
doi={10.1109/CICT48419.2019.9066225},
art_number={9066225},
note={cited By 0},
url={https://www.scopus.com/inward/record.uri?eid=2-s2.0-85084319077&doi=10.1109%2fCICT48419.2019.9066225&partnerID=40&md5=6cb2751a842fe466c15a2df3d53cad55},
document_type={Conference Paper},
source={Scopus},
}

@CONFERENCE{Buzachis2019,
author={Buzachis, A. and Celesti, A. and Fazio, M. and Villari, M.},
title={On the Design of a Blockchain-as-a-Service-Based Health Information Exchange (BaaS-HIE) System for Patient Monitoring},
journal={Proceedings - International Symposium on Computers and Communications},
year={2019},
volume={2019-June},
doi={10.1109/ISCC47284.2019.8969718},
art_number={8969718},
note={cited By 0},
url={https://www.scopus.com/inward/record.uri?eid=2-s2.0-85078921922&doi=10.1109%2fISCC47284.2019.8969718&partnerID=40&md5=16fa56e44f2e5f81491c1721f88920ac},
document_type={Conference Paper},
source={Scopus},
}

@CONFERENCE{Tantidham2019888,
author={Tantidham, T. and Aung, Y.N.},
title={Emergency Service for Smart Home System Using Ethereum Blockchain: System and Architecture},
journal={2019 IEEE International Conference on Pervasive Computing and Communications Workshops, PerCom Workshops 2019},
year={2019},
pages={888-893},
doi={10.1109/PERCOMW.2019.8730816},
art_number={8730816},
note={cited By 5},
url={https://www.scopus.com/inward/record.uri?eid=2-s2.0-85068013694&doi=10.1109%2fPERCOMW.2019.8730816&partnerID=40&md5=de315909c741169dbb2252f36edf6e7f},
document_type={Conference Paper},
source={Scopus},
}

@CONFERENCE{Kawaguchi2019143,
author={Kawaguchi, N.},
title={Application of Blockchain to Supply Chain: Flexible Blockchain Technology},
journal={Procedia Computer Science},
year={2019},
volume={164},
pages={143-148},
doi={10.1016/j.procs.2019.12.166},
note={cited By 1},
url={https://www.scopus.com/inward/record.uri?eid=2-s2.0-85079879801&doi=10.1016%2fj.procs.2019.12.166&partnerID=40&md5=8bee569273ac8d4827f6d49481aa01fc},
document_type={Conference Paper},
source={Scopus},
}

@ARTICLE{Nguyen201966792,
author={Nguyen, D.C. and Pathirana, P.N. and Ding, M. and Seneviratne, A.},
title={Blockchain for Secure EHRs Sharing of Mobile Cloud Based E-Health Systems},
journal={IEEE Access},
year={2019},
volume={7},
pages={66792-66806},
doi={10.1109/ACCESS.2019.2917555},
art_number={8717579},
note={cited By 32},
url={https://www.scopus.com/inward/record.uri?eid=2-s2.0-85067228979&doi=10.1109%2fACCESS.2019.2917555&partnerID=40&md5=a67f0b13a73abf700638a3e7e84af1e1},
document_type={Article},
source={Scopus},
}
