@inproceedings{10.1145/3098954.3103154,
title = {K-RAC: A Fine-Grained k-Resilient Access Control Scheme for Distributed Hash Tables},
year = {2017},
publisher = {Association for Computing Machinery},
}

@article{10.1145/3422648.3422664,
title = {Technical Perspective: Revealing Every Story of Data in Blockchain Systems},
year = {2020},
publisher = {Association for Computing Machinery},

}

@inproceedings{10.1145/3366423.3380106,
title = {Privacy-Preserving AI Services Through Data&nbsp;Decentralization},
year = {2020},
publisher = {Association for Computing Machinery},
}

@inproceedings{10.1145/3308560.3317076,
title = {The FAIR TRADE Framework for Assessing Decentralised Data Solutions},
year = {2019},
publisher = {Association for Computing Machinery},
}

@article{10.1145/3312750,
title = {Data Transparency with Blockchain and AI Ethics},
year = {2019},
publisher = {Association for Computing Machinery},
}

@inproceedings{10.1145/3282278.3282282,
title = {Blockchain Framework for IoT Data Quality via Edge Computing},
year = {2018},
publisher = {Association for Computing Machinery},
}

@inproceedings{10.1145/3390566.3391687,
title = {Towards Trustworthy and Independent Data Marketplaces},
year = {2020},
publisher = {Association for Computing Machinery},
}

@inproceedings{10.1145/3404687.3404693,
title = {Research on the Big Data Platform and Its Key Technologies for the Railway Locomotive System},
year = {2020},
publisher = {Association for Computing Machinery},
}

@inproceedings{10.1145/3167132.3167316,
title = {Query Strategies on Polyglot Persistence in Microservices},
year = {2018},
publisher = {Association for Computing Machinery},
}

@inproceedings{10.1145/3344948.3344991,
title = {A Logical Architecture Design Method for Microservices Architectures},
year = {2019},
publisher = {Association for Computing Machinery},
}

@inproceedings{10.1145/3297280.3297316,
title = {Analysis of Architectural Variants for Auditable Blockchain-Based Private Data Sharing},
year = {2019},
publisher = {Association for Computing Machinery},
}

@inproceedings{10.1145/3291064.3291065,
title = {A Framework to Apply the Internet of Things for Medical Care in a Home Environment},
year = {2018},
publisher = {Association for Computing Machinery},
}

@inproceedings{10.1145/3357141.3357603,
title = {Geological Data Access on a Polyglot Database Using a Service Architecture},
year = {2019},
publisher = {Association for Computing Machinery},
}

@inproceedings{10.1145/2808128.2808131,
title = {An Actionable Threat Intelligence System Using a Publish-Subscribe Communications Model},
year = {2015},
publisher = {Association for Computing Machinery},
}

@inproceedings{10.1145/2810103.2813658,
title = {(Un)Linkable Pseudonyms for Governmental Databases},
year = {2015},
ublisher = {Association for Computing Machinery},
}

@article{10.1145/3379444,
title = {A Survey of Network Virtualization Techniques for Internet of Things Using SDN and NFV},
year = {2020},
publisher = {Association for Computing Machinery},
}

@proceedings{10.1145/3308560,
title = {WWW '19: Companion Proceedings of The 2019 World Wide Web Conference},
year = {2019},
publisher = {Association for Computing Machinery},
}